%YAML 1.1
%TAG !u! tag:unity3d.com,2011:
--- !u!1 &2860897564128910087
GameObject:
  m_ObjectHideFlags: 0
  m_CorrespondingSourceObject: {fileID: 0}
  m_PrefabInstance: {fileID: 0}
  m_PrefabAsset: {fileID: 0}
  serializedVersion: 6
  m_Component:
  - component: {fileID: 4104160813701777690}
  - component: {fileID: 5780207262221598078}
  - component: {fileID: 7760517946983953026}
  - component: {fileID: 9050395355001164576}
  m_Layer: 0
  m_Name: Axe
  m_TagString: Untagged
  m_Icon: {fileID: 0}
  m_NavMeshLayer: 0
  m_StaticEditorFlags: 0
  m_IsActive: 1
--- !u!4 &4104160813701777690
Transform:
  m_ObjectHideFlags: 0
  m_CorrespondingSourceObject: {fileID: 0}
  m_PrefabInstance: {fileID: 0}
  m_PrefabAsset: {fileID: 0}
  m_GameObject: {fileID: 2860897564128910087}
  m_LocalRotation: {x: 0, y: 0, z: 0, w: 1}
  m_LocalPosition: {x: 0, y: 0, z: 0}
  m_LocalScale: {x: 1.1341, y: 1.1341, z: 1.1341}
  m_Children:
  - {fileID: 5633851663438535455}
  m_Father: {fileID: 0}
  m_RootOrder: 0
  m_LocalEulerAnglesHint: {x: 0, y: 0, z: 0}
--- !u!135 &5780207262221598078
SphereCollider:
  m_ObjectHideFlags: 0
  m_CorrespondingSourceObject: {fileID: 0}
  m_PrefabInstance: {fileID: 0}
  m_PrefabAsset: {fileID: 0}
  m_GameObject: {fileID: 2860897564128910087}
  m_Material: {fileID: 0}
  m_IsTrigger: 1
  m_Enabled: 1
  serializedVersion: 2
  m_Radius: 0.6
  m_Center: {x: 0, y: 0, z: 0}
--- !u!114 &7760517946983953026
MonoBehaviour:
  m_ObjectHideFlags: 0
  m_CorrespondingSourceObject: {fileID: 0}
  m_PrefabInstance: {fileID: 0}
  m_PrefabAsset: {fileID: 0}
  m_GameObject: {fileID: 2860897564128910087}
  m_Enabled: 1
  m_EditorHideFlags: 0
  m_Script: {fileID: 11500000, guid: 91f208ba0dbe65d478b628ca24b59c42, type: 3}
  m_Name: 
  m_EditorClassIdentifier: 
--- !u!114 &9050395355001164576
MonoBehaviour:
  m_ObjectHideFlags: 0
  m_CorrespondingSourceObject: {fileID: 0}
  m_PrefabInstance: {fileID: 0}
  m_PrefabAsset: {fileID: 0}
  m_GameObject: {fileID: 2860897564128910087}
  m_Enabled: 1
  m_EditorHideFlags: 0
  m_Script: {fileID: 11500000, guid: 9d951a41eff70474383dcba6295ead9c, type: 3}
  m_Name: 
  m_EditorClassIdentifier: 
--- !u!1001 &5633851663438176717
PrefabInstance:
  m_ObjectHideFlags: 0
  serializedVersion: 2
  m_Modification:
    m_TransformParent: {fileID: 4104160813701777690}
    m_Modifications:
    - target: {fileID: 153104, guid: 872c3b78a8c2e2a43910ef57ee342509, type: 3}
      propertyPath: m_Name
      value: SM_Wep_GreatAxe_01
      objectReference: {fileID: 0}
    - target: {fileID: 441042, guid: 872c3b78a8c2e2a43910ef57ee342509, type: 3}
      propertyPath: m_RootOrder
      value: 0
      objectReference: {fileID: 0}
    - target: {fileID: 441042, guid: 872c3b78a8c2e2a43910ef57ee342509, type: 3}
      propertyPath: m_LocalPosition.x
      value: 0
      objectReference: {fileID: 0}
    - target: {fileID: 441042, guid: 872c3b78a8c2e2a43910ef57ee342509, type: 3}
      propertyPath: m_LocalPosition.y
      value: 0
      objectReference: {fileID: 0}
    - target: {fileID: 441042, guid: 872c3b78a8c2e2a43910ef57ee342509, type: 3}
      propertyPath: m_LocalPosition.z
      value: -0.979
      objectReference: {fileID: 0}
    - target: {fileID: 441042, guid: 872c3b78a8c2e2a43910ef57ee342509, type: 3}
      propertyPath: m_LocalRotation.w
      value: 0.7071068
      objectReference: {fileID: 0}
    - target: {fileID: 441042, guid: 872c3b78a8c2e2a43910ef57ee342509, type: 3}
      propertyPath: m_LocalRotation.x
      value: 0.7071068
      objectReference: {fileID: 0}
    - target: {fileID: 441042, guid: 872c3b78a8c2e2a43910ef57ee342509, type: 3}
      propertyPath: m_LocalRotation.y
      value: 0
      objectReference: {fileID: 0}
    - target: {fileID: 441042, guid: 872c3b78a8c2e2a43910ef57ee342509, type: 3}
      propertyPath: m_LocalRotation.z
      value: 0
      objectReference: {fileID: 0}
    - target: {fileID: 441042, guid: 872c3b78a8c2e2a43910ef57ee342509, type: 3}
      propertyPath: m_LocalEulerAnglesHint.x
      value: 90
      objectReference: {fileID: 0}
    - target: {fileID: 441042, guid: 872c3b78a8c2e2a43910ef57ee342509, type: 3}
      propertyPath: m_LocalEulerAnglesHint.y
      value: 0
      objectReference: {fileID: 0}
    - target: {fileID: 441042, guid: 872c3b78a8c2e2a43910ef57ee342509, type: 3}
      propertyPath: m_LocalEulerAnglesHint.z
      value: 0
      objectReference: {fileID: 0}
    m_RemovedComponents: []
  m_SourcePrefab: {fileID: 100100000, guid: 872c3b78a8c2e2a43910ef57ee342509, type: 3}
--- !u!4 &5633851663438535455 stripped
Transform:
  m_CorrespondingSourceObject: {fileID: 441042, guid: 872c3b78a8c2e2a43910ef57ee342509,
    type: 3}
  m_PrefabInstance: {fileID: 5633851663438176717}
  m_PrefabAsset: {fileID: 0}
