%YAML 1.1
%TAG !u! tag:unity3d.com,2011:
--- !u!1 &7432159576964957286
GameObject:
  m_ObjectHideFlags: 0
  m_CorrespondingSourceObject: {fileID: 0}
  m_PrefabInstance: {fileID: 0}
  m_PrefabAsset: {fileID: 0}
  serializedVersion: 6
  m_Component:
  - component: {fileID: 7001097175084760970}
  - component: {fileID: 5414771307912014950}
  - component: {fileID: 2423895646139424825}
  m_Layer: 5
  m_Name: CooldownIcon
  m_TagString: Untagged
  m_Icon: {fileID: 0}
  m_NavMeshLayer: 0
  m_StaticEditorFlags: 0
  m_IsActive: 1
--- !u!224 &7001097175084760970
RectTransform:
  m_ObjectHideFlags: 0
  m_CorrespondingSourceObject: {fileID: 0}
  m_PrefabInstance: {fileID: 0}
  m_PrefabAsset: {fileID: 0}
  m_GameObject: {fileID: 7432159576964957286}
  m_LocalRotation: {x: -0, y: -0, z: -0, w: 1}
  m_LocalPosition: {x: 0, y: 0, z: 0}
  m_LocalScale: {x: 1, y: 0, z: 1}
  m_Children: []
  m_Father: {fileID: 1555742486140256730}
  m_RootOrder: 1
  m_LocalEulerAnglesHint: {x: 0, y: 0, z: 0}
  m_AnchorMin: {x: 0, y: 0}
  m_AnchorMax: {x: 1, y: 1}
  m_AnchoredPosition: {x: 0, y: 0}
  m_SizeDelta: {x: 0, y: 0}
  m_Pivot: {x: 0.5, y: 0}
--- !u!222 &5414771307912014950
CanvasRenderer:
  m_ObjectHideFlags: 0
  m_CorrespondingSourceObject: {fileID: 0}
  m_PrefabInstance: {fileID: 0}
  m_PrefabAsset: {fileID: 0}
  m_GameObject: {fileID: 7432159576964957286}
  m_CullTransparentMesh: 0
--- !u!114 &2423895646139424825
MonoBehaviour:
  m_ObjectHideFlags: 0
  m_CorrespondingSourceObject: {fileID: 0}
  m_PrefabInstance: {fileID: 0}
  m_PrefabAsset: {fileID: 0}
  m_GameObject: {fileID: 7432159576964957286}
  m_Enabled: 1
  m_EditorHideFlags: 0
  m_Script: {fileID: 11500000, guid: fe87c0e1cc204ed48ad3b37840f39efc, type: 3}
  m_Name: 
  m_EditorClassIdentifier: 
  m_Material: {fileID: 0}
  m_Color: {r: 0, g: 0, b: 0, a: 0.54509807}
  m_RaycastTarget: 1
  m_Maskable: 1
  m_OnCullStateChanged:
    m_PersistentCalls:
      m_Calls: []
  m_Sprite: {fileID: 0}
  m_Type: 0
  m_PreserveAspect: 0
  m_FillCenter: 1
  m_FillMethod: 4
  m_FillAmount: 1
  m_FillClockwise: 1
  m_FillOrigin: 0
  m_UseSpriteMesh: 0
  m_PixelsPerUnitMultiplier: 1
--- !u!1 &7906572768986974654
GameObject:
  m_ObjectHideFlags: 0
  m_CorrespondingSourceObject: {fileID: 0}
  m_PrefabInstance: {fileID: 0}
  m_PrefabAsset: {fileID: 0}
  serializedVersion: 6
  m_Component:
  - component: {fileID: 2603805191136141150}
  - component: {fileID: 8025461390258661004}
  - component: {fileID: 6769383683938773151}
  - component: {fileID: 8929499095398832166}
  m_Layer: 5
  m_Name: ActionSlotUI
  m_TagString: Untagged
  m_Icon: {fileID: 0}
  m_NavMeshLayer: 0
  m_StaticEditorFlags: 0
  m_IsActive: 1
--- !u!224 &2603805191136141150
RectTransform:
  m_ObjectHideFlags: 0
  m_CorrespondingSourceObject: {fileID: 0}
  m_PrefabInstance: {fileID: 0}
  m_PrefabAsset: {fileID: 0}
  m_GameObject: {fileID: 7906572768986974654}
  m_LocalRotation: {x: 0, y: 0, z: 0, w: 1}
  m_LocalPosition: {x: 0, y: 0, z: 0}
  m_LocalScale: {x: 1, y: 1, z: 1}
  m_Children:
  - {fileID: 1555742486140256730}
  m_Father: {fileID: 0}
  m_RootOrder: 0
  m_LocalEulerAnglesHint: {x: 0, y: 0, z: 0}
  m_AnchorMin: {x: 0, y: 0}
  m_AnchorMax: {x: 0, y: 0}
  m_AnchoredPosition: {x: 0, y: 0}
  m_SizeDelta: {x: 100, y: 100}
  m_Pivot: {x: 0.5, y: 0.5}
--- !u!222 &8025461390258661004
CanvasRenderer:
  m_ObjectHideFlags: 0
  m_CorrespondingSourceObject: {fileID: 0}
  m_PrefabInstance: {fileID: 0}
  m_PrefabAsset: {fileID: 0}
  m_GameObject: {fileID: 7906572768986974654}
  m_CullTransparentMesh: 0
--- !u!114 &6769383683938773151
MonoBehaviour:
  m_ObjectHideFlags: 0
  m_CorrespondingSourceObject: {fileID: 0}
  m_PrefabInstance: {fileID: 0}
  m_PrefabAsset: {fileID: 0}
  m_GameObject: {fileID: 7906572768986974654}
  m_Enabled: 1
  m_EditorHideFlags: 0
  m_Script: {fileID: 11500000, guid: fe87c0e1cc204ed48ad3b37840f39efc, type: 3}
  m_Name: 
  m_EditorClassIdentifier: 
  m_Material: {fileID: 0}
  m_Color: {r: 1, g: 1, b: 1, a: 1}
  m_RaycastTarget: 1
  m_Maskable: 1
  m_OnCullStateChanged:
    m_PersistentCalls:
      m_Calls: []
  m_Sprite: {fileID: 21300000, guid: 83069f538d9e0604a8bed52715d594c0, type: 3}
  m_Type: 1
  m_PreserveAspect: 0
  m_FillCenter: 1
  m_FillMethod: 4
  m_FillAmount: 1
  m_FillClockwise: 1
  m_FillOrigin: 0
  m_UseSpriteMesh: 0
  m_PixelsPerUnitMultiplier: 1
--- !u!114 &8929499095398832166
MonoBehaviour:
  m_ObjectHideFlags: 0
  m_CorrespondingSourceObject: {fileID: 0}
  m_PrefabInstance: {fileID: 0}
  m_PrefabAsset: {fileID: 0}
  m_GameObject: {fileID: 7906572768986974654}
  m_Enabled: 1
  m_EditorHideFlags: 0
  m_Script: {fileID: 11500000, guid: 1ef07869c32aee944b48bb74d0d8c26e, type: 3}
  m_Name: 
  m_EditorClassIdentifier: 
  icon: {fileID: 542347633131373439}
  cooldownIcon: {fileID: 7432159576964957286}
  index: 0
--- !u!1001 &7930191315818835693
PrefabInstance:
  m_ObjectHideFlags: 0
  serializedVersion: 2
  m_Modification:
    m_TransformParent: {fileID: 2603805191136141150}
    m_Modifications:
    - target: {fileID: 7945281687243800517, guid: 42d7c114140e1ce4395ba1e644082f55,
        type: 3}
      propertyPath: m_Name
      value: InventoryItemUI
      objectReference: {fileID: 0}
    - target: {fileID: 8906617512454221623, guid: 42d7c114140e1ce4395ba1e644082f55,
        type: 3}
      propertyPath: m_Pivot.x
      value: 0.5
      objectReference: {fileID: 0}
    - target: {fileID: 8906617512454221623, guid: 42d7c114140e1ce4395ba1e644082f55,
        type: 3}
      propertyPath: m_Pivot.y
      value: 0.5
      objectReference: {fileID: 0}
    - target: {fileID: 8906617512454221623, guid: 42d7c114140e1ce4395ba1e644082f55,
        type: 3}
      propertyPath: m_RootOrder
      value: 0
      objectReference: {fileID: 0}
    - target: {fileID: 8906617512454221623, guid: 42d7c114140e1ce4395ba1e644082f55,
        type: 3}
      propertyPath: m_AnchorMax.x
      value: 1
      objectReference: {fileID: 0}
    - target: {fileID: 8906617512454221623, guid: 42d7c114140e1ce4395ba1e644082f55,
        type: 3}
      propertyPath: m_AnchorMax.y
      value: 1
      objectReference: {fileID: 0}
    - target: {fileID: 8906617512454221623, guid: 42d7c114140e1ce4395ba1e644082f55,
        type: 3}
      propertyPath: m_AnchorMin.x
      value: 0
      objectReference: {fileID: 0}
    - target: {fileID: 8906617512454221623, guid: 42d7c114140e1ce4395ba1e644082f55,
        type: 3}
      propertyPath: m_AnchorMin.y
      value: 0
      objectReference: {fileID: 0}
    - target: {fileID: 8906617512454221623, guid: 42d7c114140e1ce4395ba1e644082f55,
        type: 3}
      propertyPath: m_SizeDelta.x
      value: -40
      objectReference: {fileID: 0}
    - target: {fileID: 8906617512454221623, guid: 42d7c114140e1ce4395ba1e644082f55,
        type: 3}
      propertyPath: m_SizeDelta.y
      value: -40
      objectReference: {fileID: 0}
    - target: {fileID: 8906617512454221623, guid: 42d7c114140e1ce4395ba1e644082f55,
        type: 3}
      propertyPath: m_LocalPosition.x
      value: 0
      objectReference: {fileID: 0}
    - target: {fileID: 8906617512454221623, guid: 42d7c114140e1ce4395ba1e644082f55,
        type: 3}
      propertyPath: m_LocalPosition.y
      value: 0
      objectReference: {fileID: 0}
    - target: {fileID: 8906617512454221623, guid: 42d7c114140e1ce4395ba1e644082f55,
        type: 3}
      propertyPath: m_LocalPosition.z
      value: 0
      objectReference: {fileID: 0}
    - target: {fileID: 8906617512454221623, guid: 42d7c114140e1ce4395ba1e644082f55,
        type: 3}
      propertyPath: m_LocalRotation.w
      value: 1
      objectReference: {fileID: 0}
    - target: {fileID: 8906617512454221623, guid: 42d7c114140e1ce4395ba1e644082f55,
        type: 3}
      propertyPath: m_LocalRotation.x
      value: 0
      objectReference: {fileID: 0}
    - target: {fileID: 8906617512454221623, guid: 42d7c114140e1ce4395ba1e644082f55,
        type: 3}
      propertyPath: m_LocalRotation.y
      value: 0
      objectReference: {fileID: 0}
    - target: {fileID: 8906617512454221623, guid: 42d7c114140e1ce4395ba1e644082f55,
        type: 3}
      propertyPath: m_LocalRotation.z
      value: 0
      objectReference: {fileID: 0}
    - target: {fileID: 8906617512454221623, guid: 42d7c114140e1ce4395ba1e644082f55,
        type: 3}
      propertyPath: m_AnchoredPosition.x
      value: 0
      objectReference: {fileID: 0}
    - target: {fileID: 8906617512454221623, guid: 42d7c114140e1ce4395ba1e644082f55,
        type: 3}
      propertyPath: m_AnchoredPosition.y
      value: 0
      objectReference: {fileID: 0}
    - target: {fileID: 8906617512454221623, guid: 42d7c114140e1ce4395ba1e644082f55,
        type: 3}
      propertyPath: m_LocalEulerAnglesHint.x
      value: 0
      objectReference: {fileID: 0}
    - target: {fileID: 8906617512454221623, guid: 42d7c114140e1ce4395ba1e644082f55,
        type: 3}
      propertyPath: m_LocalEulerAnglesHint.y
      value: 0
      objectReference: {fileID: 0}
    - target: {fileID: 8906617512454221623, guid: 42d7c114140e1ce4395ba1e644082f55,
        type: 3}
      propertyPath: m_LocalEulerAnglesHint.z
      value: 0
      objectReference: {fileID: 0}
    m_RemovedComponents: []
  m_SourcePrefab: {fileID: 100100000, guid: 42d7c114140e1ce4395ba1e644082f55, type: 3}
--- !u!224 &1555742486140256730 stripped
RectTransform:
  m_CorrespondingSourceObject: {fileID: 8906617512454221623, guid: 42d7c114140e1ce4395ba1e644082f55,
    type: 3}
  m_PrefabInstance: {fileID: 7930191315818835693}
  m_PrefabAsset: {fileID: 0}
--- !u!114 &542347633131373439 stripped
MonoBehaviour:
  m_CorrespondingSourceObject: {fileID: 7605309494823038354, guid: 42d7c114140e1ce4395ba1e644082f55,
    type: 3}
  m_PrefabInstance: {fileID: 7930191315818835693}
  m_PrefabAsset: {fileID: 0}
  m_GameObject: {fileID: 0}
  m_Enabled: 1
  m_EditorHideFlags: 0
  m_Script: {fileID: 11500000, guid: 493934aefc2d7c9469174527fc9bf167, type: 3}
  m_Name: 
  m_EditorClassIdentifier: 
