%YAML 1.1
%TAG !u! tag:unity3d.com,2011:
--- !u!1 &7296993431844590974
GameObject:
  m_ObjectHideFlags: 0
  m_CorrespondingSourceObject: {fileID: 0}
  m_PrefabInstance: {fileID: 0}
  m_PrefabAsset: {fileID: 0}
  serializedVersion: 6
  m_Component:
  - component: {fileID: 765481398473459944}
  - component: {fileID: 8830963810618678303}
  - component: {fileID: 580108085253533404}
  - component: {fileID: 6888939229733603781}
  - component: {fileID: 569216713996752779}
  m_Layer: 0
  m_Name: EquipmentSlotUI
  m_TagString: Untagged
  m_Icon: {fileID: 0}
  m_NavMeshLayer: 0
  m_StaticEditorFlags: 0
  m_IsActive: 1
--- !u!224 &765481398473459944
RectTransform:
  m_ObjectHideFlags: 0
  m_CorrespondingSourceObject: {fileID: 0}
  m_PrefabInstance: {fileID: 0}
  m_PrefabAsset: {fileID: 0}
  m_GameObject: {fileID: 7296993431844590974}
  m_LocalRotation: {x: 0, y: 0, z: 0, w: 1}
  m_LocalPosition: {x: 0, y: 0, z: 0}
  m_LocalScale: {x: 1, y: 1, z: 1}
  m_Children:
  - {fileID: 5051569411922166322}
  m_Father: {fileID: 0}
  m_RootOrder: 0
  m_LocalEulerAnglesHint: {x: 0, y: 0, z: 0}
  m_AnchorMin: {x: 0, y: 0}
  m_AnchorMax: {x: 1, y: 1}
  m_AnchoredPosition: {x: 0, y: 0}
  m_SizeDelta: {x: 0, y: 0}
  m_Pivot: {x: 0.5, y: 0.5}
--- !u!222 &8830963810618678303
CanvasRenderer:
  m_ObjectHideFlags: 0
  m_CorrespondingSourceObject: {fileID: 0}
  m_PrefabInstance: {fileID: 0}
  m_PrefabAsset: {fileID: 0}
  m_GameObject: {fileID: 7296993431844590974}
  m_CullTransparentMesh: 0
--- !u!114 &580108085253533404
MonoBehaviour:
  m_ObjectHideFlags: 0
  m_CorrespondingSourceObject: {fileID: 0}
  m_PrefabInstance: {fileID: 0}
  m_PrefabAsset: {fileID: 0}
  m_GameObject: {fileID: 7296993431844590974}
  m_Enabled: 1
  m_EditorHideFlags: 0
  m_Script: {fileID: 11500000, guid: fe87c0e1cc204ed48ad3b37840f39efc, type: 3}
  m_Name: 
  m_EditorClassIdentifier: 
  m_Material: {fileID: 0}
  m_Color: {r: 1, g: 1, b: 1, a: 1}
  m_RaycastTarget: 1
  m_Maskable: 1
  m_OnCullStateChanged:
    m_PersistentCalls:
      m_Calls: []
  m_Sprite: {fileID: 21300000, guid: 4c438a3604a96dd4d8990cc11b424f42, type: 3}
  m_Type: 0
  m_PreserveAspect: 0
  m_FillCenter: 1
  m_FillMethod: 4
  m_FillAmount: 1
  m_FillClockwise: 1
  m_FillOrigin: 0
  m_UseSpriteMesh: 0
  m_PixelsPerUnitMultiplier: 1
--- !u!114 &6888939229733603781
MonoBehaviour:
  m_ObjectHideFlags: 0
  m_CorrespondingSourceObject: {fileID: 0}
  m_PrefabInstance: {fileID: 0}
  m_PrefabAsset: {fileID: 0}
  m_GameObject: {fileID: 7296993431844590974}
  m_Enabled: 1
  m_EditorHideFlags: 0
  m_Script: {fileID: 11500000, guid: 81277ff08b9520e40954062281aabe88, type: 3}
  m_Name: 
  m_EditorClassIdentifier: 
  icon: {fileID: 6055954315814092951}
  equipmentLocation: 0
--- !u!114 &569216713996752779
MonoBehaviour:
  m_ObjectHideFlags: 0
  m_CorrespondingSourceObject: {fileID: 0}
  m_PrefabInstance: {fileID: 0}
  m_PrefabAsset: {fileID: 0}
  m_GameObject: {fileID: 7296993431844590974}
  m_Enabled: 1
  m_EditorHideFlags: 0
  m_Script: {fileID: 11500000, guid: 6f58c180ccb501445b39fbf52ddd2055, type: 3}
  m_Name: 
  m_EditorClassIdentifier: 
  tooltipPrefab: {fileID: 2189645747347804492, guid: 387ba39bb47b02a49a5bb7d0e5bc12c5,
    type: 3}
--- !u!1001 &4431664000065006853
PrefabInstance:
  m_ObjectHideFlags: 0
  serializedVersion: 2
  m_Modification:
    m_TransformParent: {fileID: 765481398473459944}
    m_Modifications:
    - target: {fileID: 3991897040008206167, guid: 42d7c114140e1ce4395ba1e644082f55,
        type: 3}
      propertyPath: m_Sprite
      value: 
      objectReference: {fileID: 0}
    - target: {fileID: 3991897040008206167, guid: 42d7c114140e1ce4395ba1e644082f55,
        type: 3}
      propertyPath: m_Enabled
      value: 0
      objectReference: {fileID: 0}
    - target: {fileID: 4948102879944161554, guid: 42d7c114140e1ce4395ba1e644082f55,
        type: 3}
      propertyPath: m_Enabled
      value: 1
      objectReference: {fileID: 0}
    - target: {fileID: 7945281687243800517, guid: 42d7c114140e1ce4395ba1e644082f55,
        type: 3}
      propertyPath: m_Name
      value: InventoryItemUI
      objectReference: {fileID: 0}
    - target: {fileID: 8906617512454221623, guid: 42d7c114140e1ce4395ba1e644082f55,
        type: 3}
      propertyPath: m_Pivot.x
      value: 0.5
      objectReference: {fileID: 0}
    - target: {fileID: 8906617512454221623, guid: 42d7c114140e1ce4395ba1e644082f55,
        type: 3}
      propertyPath: m_Pivot.y
      value: 0.5
      objectReference: {fileID: 0}
    - target: {fileID: 8906617512454221623, guid: 42d7c114140e1ce4395ba1e644082f55,
        type: 3}
      propertyPath: m_RootOrder
      value: 0
      objectReference: {fileID: 0}
    - target: {fileID: 8906617512454221623, guid: 42d7c114140e1ce4395ba1e644082f55,
        type: 3}
      propertyPath: m_AnchorMax.x
      value: 1
      objectReference: {fileID: 0}
    - target: {fileID: 8906617512454221623, guid: 42d7c114140e1ce4395ba1e644082f55,
        type: 3}
      propertyPath: m_AnchorMax.y
      value: 1
      objectReference: {fileID: 0}
    - target: {fileID: 8906617512454221623, guid: 42d7c114140e1ce4395ba1e644082f55,
        type: 3}
      propertyPath: m_AnchorMin.x
      value: 0
      objectReference: {fileID: 0}
    - target: {fileID: 8906617512454221623, guid: 42d7c114140e1ce4395ba1e644082f55,
        type: 3}
      propertyPath: m_AnchorMin.y
      value: 0
      objectReference: {fileID: 0}
    - target: {fileID: 8906617512454221623, guid: 42d7c114140e1ce4395ba1e644082f55,
        type: 3}
      propertyPath: m_SizeDelta.x
      value: -20
      objectReference: {fileID: 0}
    - target: {fileID: 8906617512454221623, guid: 42d7c114140e1ce4395ba1e644082f55,
        type: 3}
      propertyPath: m_SizeDelta.y
      value: -20
      objectReference: {fileID: 0}
    - target: {fileID: 8906617512454221623, guid: 42d7c114140e1ce4395ba1e644082f55,
        type: 3}
      propertyPath: m_LocalPosition.x
      value: 0
      objectReference: {fileID: 0}
    - target: {fileID: 8906617512454221623, guid: 42d7c114140e1ce4395ba1e644082f55,
        type: 3}
      propertyPath: m_LocalPosition.y
      value: 0
      objectReference: {fileID: 0}
    - target: {fileID: 8906617512454221623, guid: 42d7c114140e1ce4395ba1e644082f55,
        type: 3}
      propertyPath: m_LocalPosition.z
      value: 0
      objectReference: {fileID: 0}
    - target: {fileID: 8906617512454221623, guid: 42d7c114140e1ce4395ba1e644082f55,
        type: 3}
      propertyPath: m_LocalRotation.w
      value: 1
      objectReference: {fileID: 0}
    - target: {fileID: 8906617512454221623, guid: 42d7c114140e1ce4395ba1e644082f55,
        type: 3}
      propertyPath: m_LocalRotation.x
      value: 0
      objectReference: {fileID: 0}
    - target: {fileID: 8906617512454221623, guid: 42d7c114140e1ce4395ba1e644082f55,
        type: 3}
      propertyPath: m_LocalRotation.y
      value: 0
      objectReference: {fileID: 0}
    - target: {fileID: 8906617512454221623, guid: 42d7c114140e1ce4395ba1e644082f55,
        type: 3}
      propertyPath: m_LocalRotation.z
      value: 0
      objectReference: {fileID: 0}
    - target: {fileID: 8906617512454221623, guid: 42d7c114140e1ce4395ba1e644082f55,
        type: 3}
      propertyPath: m_AnchoredPosition.x
      value: 0
      objectReference: {fileID: 0}
    - target: {fileID: 8906617512454221623, guid: 42d7c114140e1ce4395ba1e644082f55,
        type: 3}
      propertyPath: m_AnchoredPosition.y
      value: 0
      objectReference: {fileID: 0}
    - target: {fileID: 8906617512454221623, guid: 42d7c114140e1ce4395ba1e644082f55,
        type: 3}
      propertyPath: m_LocalEulerAnglesHint.x
      value: 0
      objectReference: {fileID: 0}
    - target: {fileID: 8906617512454221623, guid: 42d7c114140e1ce4395ba1e644082f55,
        type: 3}
      propertyPath: m_LocalEulerAnglesHint.y
      value: 0
      objectReference: {fileID: 0}
    - target: {fileID: 8906617512454221623, guid: 42d7c114140e1ce4395ba1e644082f55,
        type: 3}
      propertyPath: m_LocalEulerAnglesHint.z
      value: 0
      objectReference: {fileID: 0}
    m_RemovedComponents: []
  m_SourcePrefab: {fileID: 100100000, guid: 42d7c114140e1ce4395ba1e644082f55, type: 3}
--- !u!224 &5051569411922166322 stripped
RectTransform:
  m_CorrespondingSourceObject: {fileID: 8906617512454221623, guid: 42d7c114140e1ce4395ba1e644082f55,
    type: 3}
  m_PrefabInstance: {fileID: 4431664000065006853}
  m_PrefabAsset: {fileID: 0}
--- !u!114 &6055954315814092951 stripped
MonoBehaviour:
  m_CorrespondingSourceObject: {fileID: 7605309494823038354, guid: 42d7c114140e1ce4395ba1e644082f55,
    type: 3}
  m_PrefabInstance: {fileID: 4431664000065006853}
  m_PrefabAsset: {fileID: 0}
  m_GameObject: {fileID: 0}
  m_Enabled: 1
  m_EditorHideFlags: 0
  m_Script: {fileID: 11500000, guid: 493934aefc2d7c9469174527fc9bf167, type: 3}
  m_Name: 
  m_EditorClassIdentifier: 
